[gd_scene load_steps=12 format=2]

[ext_resource path="res://art/CharacterAnims/CharacterSprites/NEWGiantMassiveSpriteSheetCharacters.png" type="Texture" id=1]
[ext_resource path="res://art/CharacterAnims/CharacterSprites/BoyBackWalk.tres" type="Animation" id=2]
[ext_resource path="res://art/CharacterAnims/CharacterSprites/BoyFrontWalk.tres" type="Animation" id=3]
[ext_resource path="res://art/CharacterAnims/CharacterSprites/BoyIdleBack.tres" type="Animation" id=4]
[ext_resource path="res://art/CharacterAnims/CharacterSprites/BoyIdleFront.tres" type="Animation" id=5]
[ext_resource path="res://art/CharacterAnims/CharacterSprites/BoyIdleFront.tres" type="Animation" id=6]
[ext_resource path="res://art/CharacterAnims/CharacterSprites/BoyIdleLeft.tres" type="Animation" id=7]
[ext_resource path="res://art/CharacterAnims/CharacterSprites/BoyLeftWalk.tres" type="Animation" id=8]
[ext_resource path="res://art/CharacterAnims/CharacterSprites/BoyRightWalk.tres" type="Animation" id=9]
[ext_resource path="res://art/CharacterAnims/CharacterSprites/GirlWalkBack.tres" type="Animation" id=10]
[ext_resource path="res://art/CharacterAnims/CharacterSprites/GirlWalkFront.tres" type="Animation" id=11]













[node name="Node2D" type="Node2D"]

[node name="MassiveCharacterSpriteAnim" type="Sprite" parent="."]
texture = ExtResource( 1 )
vframes = 12
hframes = 8
frame = 63

[node name="AnimationPlayer" type="AnimationPlayer" parent="MassiveCharacterSpriteAnim"]
anims/BoyBackWalk = ExtResource( 2 )
anims/BoyFrontWalk = ExtResource( 3 )
anims/BoyIdleBack = ExtResource( 4 )
anims/BoyIdleFront = ExtResource( 5 )
anims/BoyIdleLeft = ExtResource( 6 )
anims/BoyIdleRight = ExtResource( 7 )
anims/BoyLeftWalk = ExtResource( 8 )
anims/BoyRightWalk = ExtResource( 9 )
anims/GirlWalkBack = ExtResource( 10 )
anims/GirlWalkFront = ExtResource( 11 )
